@misc{Rogue,
	author = {Matt Barton and Bill Loguidice},
	howpublished = {\url{https://gamasutra.com/view/feature/132404/the_history_of_rogue_have__you_.php}},
	month = may,
	title = {The History of Rogue: Have @ You, You Deadly Zs},
	year = {2009}
}

@misc{LowPolyIntro,
	author = {Kenney Vleugels},
	howpublished = {\url{https://developer.amazon.com/blogs/appstore/post/aaedd3b8-5e3f-4b4b-a567-c3257139cbcf/an-intro-to-low-poly-and-flat-design}},
	month = apr,
	title = {An Intro to Low-Poly and Flat Design},
	year = {2018}
}

@misc{UnityMesh,
	author = {Unity Документация},
	howpublished = {\url{https://docs.unity3d.com/Manual/comp-MeshGroup.html}},
	month = feb,
	title = {Mesh Components},
	year = {2020}
}

@misc{IcosahedronMath,
	author = {Ron Knott},
	howpublished = {\url{http://www.maths.surrey.ac.uk/hosted-sites/R.Knott/Fibonacci/phi3DGeom.html}},
	month = sep,
	title = {The Golden Geometry of Solids or Phi in 3 dimensions},
	year = {2016}
}

@misc{subdivision,
	author = {Kenneth Otto Larsen},
	howpublished = {\url{http://blog.coredumping.com/subdivision-of-icosahedrons/}},
	month = apr,
	title = {Subdivision of icosahedrons},
	year = {2012}
}

@misc{hassank,
	author = {Hassan Karaouni},
	howpublished = {\url{https://github.com/hassank/TreeGrowth}},
	journal = {Репозиторий GitHub},
	month = jun,
	title = {Procedural growth of a low poly tree in Unity},
	year = {2016}
}

@misc{friggog,
	author = {Charles Hewitt and Luke Pflibsen-Jones},
	howpublished = {\url{https://github.com/friggog/tree-gen}},
	journal = {Репозиторий GitHub},
	month = sep,
	title = {Procedural generation of tree models in blender},
	year = {2019}
}


